@book{MLbook,
   title =     {Understanding Machine Learning: From Theory To Algorithms},
   author =    {Shai Shalev-Shwartz, Shai Ben-David},
   publisher = {CUP},
   isbn =      {9781107057135; 1107057132},
   year =      {2014}}
   
   
@misc{web:feature_scaling,
  author = {Wikipedia},
  title = {Feature scaling},
  url = {https://en.wikipedia.org/wiki/Feature_scaling}
}


@misc{web:ref_notebooks,
  author = {pankajmehtabu},
  title = {Keras DNN notebooks},
  note = {GitHub},
  url = {https://physics.bu.edu/~pankajm/MLnotebooks.html}
}